<?xml version="1.0" encoding="UTF-8"?><collection xmlns="http://www.loc.gov/MARC21/slim"><record><leader>00675nam--2200205-u-4500</leader><controlfield tag="001">000050413</controlfield><controlfield tag="002">20161230</controlfield><controlfield tag="005">20161230201048</controlfield><controlfield tag="008">070313s1000------------r-----000-0-eng-d</controlfield><datafield ind1=" " ind2=" " tag="040"><subfield code="a">IFIN-HH</subfield></datafield><datafield ind1=" " ind2=" " tag="080"><subfield code="a">530.145:535.14:519.217</subfield></datafield><datafield ind1="1" ind2=" " tag="100"><subfield code="a">Gardiner, C.W</subfield></datafield><datafield ind1="1" ind2="0" tag="245"><subfield code="a">Springer series in synergetics. quantum noise. a handbook of markovian and non-markovian quantum stochastic methods with applications to quantum optics</subfield><subfield code="c">C.w. dardiner, p. zoller</subfield></datafield><datafield ind1=" " ind2=" " tag="250"><subfield code="a">Third Edition</subfield></datafield><datafield ind1=" " ind2=" " tag="260"><subfield code="a">Berlin</subfield><subfield code="b">Springer-verlag</subfield><subfield code="c">2004</subfield></datafield><datafield ind1=" " ind2=" " tag="300"><subfield code="a">XXII+449P</subfield></datafield><datafield ind1=" " ind2=" " tag="490"><subfield code="a">Springer Series In Synergetics</subfield></datafield><datafield ind1="1" ind2=" " tag="700"><subfield code="a">Zoller, P</subfield></datafield><datafield ind1=" " ind2=" " tag="852"><subfield code="a">47885</subfield><subfield code="c">53</subfield></datafield><datafield ind1=" " ind2=" " tag="CAT"><subfield code="a">Sys</subfield><subfield code="c">20150326</subfield><subfield code="h">151521</subfield></datafield></record></collection>